%TPs, TDRs etc
@proceedings{lhcb:tp,
ORGANISATION = "The LHCb Collaboration", 
TITLE  = "{L}{H}{C}{b} Technical Proposal", 
NUMBER = "",
YEAR   = "1998",
MONTH  = "February",
NOTE   = "\mbox{CERN/LHCC/98-4}",
KEY    = "TP"
}

@proceedings{lhcb:rich.tdr,
ORGANISATION = "The LHCb Collaboration",
TITLE = "{L}{H}{C}{b} RICH, Technical Design Report",
NUMBER = "",
YEAR = "2000",
MONTH = "September",
PAGES = "",
NOTE = "CERN/LHCC/2000-0037",
KEY= "RICH"
}

@proceedings{lhcb:magnet.tdr,
AUTHOR= "W. {Flegel (Project Coordinator)} and M. Losasso and F. Rohner",
ORGANISATION = "The LHCb Collaboration",
TITLE = "{L}{H}{C}{b} Magnet, Technical Design Report",
JOURNAL = "",
YEAR = "2000",
MONTH = "",
PAGES = "",
NOTE = "CERN/LHCC/2000-007",
KEY= "Magnet TDR"
}

@proceedings{lhcb:calo.tdr,
ORGANISATION = "The LHCb Collaboration",
TITLE = "{L}{H}{C}{b} Calorimeters, Technical Design Report",
NUMBER = "",
YEAR = "2000",
MONTH = "September",
PAGES = "",
NOTE = "CERN/LHCC/2000-0036",
KEY= "Cal"
}

@proceedings{cms:trktdr,
ORGANISATION = "The CMS Collaboration",
TITLE ={The Tracker System Project Technical Design Report}, 
NUMBER = "",
NOTE = "CERN/LHCC/98-6",
YEAR = 1998,
KEY = {CMS Tracker}
}

@proceedings{cms:tp,
ORGANISATION = {The CMS Collaboration},
TITLE =" {C}{M}{S} Technical Proposal", 
NOTE = "CERN/LHCC/94-38",
YEAR = 1994,
KEY = {CMStp98}
}

%Other beam test papers

@article{nim:pix99,
AUTHOR = {T. Gys and others},
JOURNAL = {Paper for 1999 test beam},
YEAR = "2000",
NOTE = {Reports on RICH testbeam 1999},
KEY = {RICHtb99}
}

@article{nim:mapmt99,
AUTHOR = "E. Albrecht and others",
TITLE = "Performance of a Multianode Photo Multiplier Cluster equipped with Lenses",
JOURNAL="",
NUMBER = "",
YEAR = "2000",
MONTH = "August",
NOTE = "LHCb 2000-83 RICH. To be submitted to Nucl. Instrum. Meth.",
KEY = "RICHtb99"
}

@article{nim:pix98,
AUTHOR = {E. Albrecht and others},
JOURNAL = {Submitted to Nucl. Instrum. Meth., hep-ex/0001053 },
TITLE = "Performance of a Prototype RICH Detector Using Hybrid Photo-Diodes",
YEAR = 2000,
NOTE = {Reports on RICH testbeam 1998},
KEY = {RICHtb98}
}

@article{nim:pix97,
AUTHOR = {E. Albrecht and others},
JOURNAL = {Nucl. Instrum. Meth.},
TITLE = "First Observation of {C}herenkov Ring Images Using Hybrid
                  Photon Detectors",
YEAR = 1998,
VOLUME = "A411",
PAGES = 249,
NOTE = {Reports on RICH testbeam 1997},
KEY = {RICHtb97}
}
%Electronics 
%APV

@article{nim:apv,
AUTHOR = {M. Raymond and others},
JOURNAL = {Nucl. Instrum. Meth.},
YEAR = 1994,
VOLUME = "A351",
PAGES = 449,
KEY="APV 94"
}

@article{nim:apv5,
AUTHOR = {M. D. M. de Fez--Lazo and others},
JOURNAL = {Nucl. Instrum. Meth.},
VOLUME = "A382",
YEAR = 1996,
PAGES = 533,
KEY="APV 96"
}


@inproceedings{conf:apv6,
AUTHOR = "M. Raymond and others",
TITLE = "The {A}{P}{V}6 Readout Chip for {C}{M}{S} Microstrip Detectors",
BOOKTITLE = "Proceedings of the Third Workshop on Electronics for {L}{H}{C} Experiments, London, 1997",
PAGES = 167,
YEAR = 1997,
MONTH= "October",
NOTE = "CERN/LHCC/97-60",
KEY = {APV 97}
}


@inproceedings{proc:apvm,
AUTHOR = "L. L. Jones and others",
TITLE= "A 128 Channel Analogue Pipeline Chip For {M}{S}{G}{C} Read-Out at {L}{H}{C}",
BOOKTITLE = "Proceedings of the Fourth Workshop on Electronics for LHC Experiments, Rome, September 1998",
NOTE= "CERN/LHCC/98-36", 
YEAR = "1998",
MONTH= "October",
PAGES= "185",
KEY = "APV 98"
}

%Other chips 

@inproceedings{proc:beetle,
AUTHOR = "N. van Bakel and others",
TITLE = "Design of a Prototype Frontend and Bias Generator For a New Readout Chip For {L}{H}{C}{b}",
BOOKTITLE = "Proceedings of the Third Workshop on Electronics for {L}{H}{C} Experiments, London, September 1999",
PAGES = 167,
YEAR = 1999,
MONTH= "October",
NOTE = "CERN/LHCC/99-33",
KEY = {BEETLE}
}

@article{ieee:scta,
AUTHOR = {F. Anghinolfi and others},
TITLE = "SCTA -- A Rad-Hard BiCMOS Analogue Readout ASCIC for the ATLAS Semiconductor Tracker",
JOURNAL = "IEEE Trans. Nucl. Sci.",
VOLUME = "44",
YEAR = 1997,
PAGES=298,
KEY = "SCTA"
}

@article{nim:va2,
AUTHOR = "S. Masciocchi and E. Nyg{\aa}rd and O. Toker and P. Weilhammer",
TITLE = "{V}{I}{K}{I}{N}{G}, a {C}{M}{O}{S} low noise monolithic 128 channel frontend for {Si}-strip detector readouot",
JOURNAL = "Nucl. Instrum. Meth.",
VOLUME = "A340",
YEAR = "1994",
PAGES = "572-579",
KEY = "VA2"
}



%LHCb electronics 
@article{lhcb:level0,
AUTHOR = {J. Christiansen},
INSTITUTION="LHCb",
JOURNAL="",
NOTE = {LHCb 99-029 ELEC},
YEAR = 1999
}

%VME modules
@manual{private:seqsi,
AUTHOR = {M. Morrisey},
INSTITUTION = {Rutherford Appelton Laboratory},
TITLE = "{S}{E}{Q}{S}{I} Manual",
NOTE = "unpublished",
KEY = {SEQSI}
}

@manual{private:aroma,
AUTOR="A. Baird and others",
INSTITUTION="Rutherford Appleton Laboratory",
TITLE = "AROMA manual",
JOURNAL = "",
YEAR = {},
NOTE = "AROMA: an 8-channel flash-ADC module, designed for the analogue
readout of prototype silicon detectors for the CERN ATLAS experiment (unpublished)",
KEY = {AROMA}
}


@inproceedings{conf:fed1,
AUTHOR = "S. A. Baird and J. A. Coughland and J. Hartley and W. J. Heynes and T. Parthipan",
TITLE = "A {P}{M}{C} Based {A}{D}{C} Card for {C}{M}{S} Tracker Readout",
BOOKTITLE = "Proceedings of the Fifth Workshop on Electronics for {L}{H}{C} Experiments, Snowmass, Colorado, USA, September 1999",
PAGES = 357,
YEAR = 1999,
MONTH= "October",
NOTE = "CERN/LHCC/99-33",
KEY = {LHCel99}
}

@manual{private:fed2,
AUTHOR = {J. Coughlan},
INSTITUTION = {Rutherford Appelton Laboratory},
TITLE = "{C}{M}{S} Front--End Driver {P}{M}{C}, User Manual",
JOURNAL = "",
KEY = {CMSfed}
}

%i2c
@article{web:i2c,
INSTITUTION = {{Philips Semiconductors}},
TITLE = {The I$^2$C-Bus Specification, Version 2.1, January 2000},
JOURNAL = {{http://www.semiconductors.com/acrobat/various/I2C\_BUS\_SPECIFICATION\_3.pdf}},
YEAR = 2000,
KEY = {$I^2C$}
}

%franz stuff
@article{web:www-rich,
TITLE = {The LHCb RICH detector web page:
                  ``http://lhcb.cern.ch/rich/''}
}

@article{lhcb:roger_lenses,
AUTHOR = {R. Forty}, 
TITLE = {Use of lenses to increase 
the RICH photodetector coverage},
INSTITUTION="LHCb",
JOURNAL="",
NOTE = {LHCb/98/038},
YEAR = 1998
}


%refractive index 
@article{nim:abjean_cf4,
AUTHOR = {R. Abjean and others},
INSTITUTION = {Laboratoire de Spectrom\'{e}trie et d'Optique Laser, Facult\'e des Sciences, 29287 Brest Cedex, France},
TITLE = {Refractive Index of Carbon Tetraflouride in the 
300-140 nm Wavelength Range},
JOURNAL = "Nucl. Instrum. Meth.",
VOLUME = "A292",
YEAR = 1990,
PAGES = 593,
KEY = {$CF_4$}
}

%back-scattering
@article{j.phys.D:darlington,
AUTHOR = "E. H. Darlington",
INSTITUTION = "Cavendish Laboratory, University of Cambridge, Free School Lane, Cambridge, CB2 2RQ ",
TITLE = "Backscattering of 10-100 ke{V} Electrons from Thick Targets",
JOURNAL = "Journal of Physics D: Appl. Phys.",
VOLUME = 8,
YEAR = 1975,
MONTH = "",
PAGES = 85,
NOTE = "",
KEY= "BackScatter"
}


@Article{nim:dave_backscatter,
     author = "C. Angelini and others",
 collaboration = "WA84",
     title     = "Sources of Noise in High Resolution Tracking with
                  Scintillating Fibers",
     journal   = "Nucl. Instrum. Meth.",
     volume    = "A289",
     year      = "1990",
     pages     = "356-364",
     SLACcitation  = "%%CITATION = NUIMA,A289,356;%%"
}

@article{pdg,
AUTHOR = "D.E. Groom and others",
INSTITUTION = "Particle Data Group",
TITLE = "The Review of Particle Physics",
JOURNAL = "Journal of Physics",
VOLUME = "G33",
YEAR = "2006",
MONTH = "July",
PAGES = "1",
NOTE = "Available on the PDG WWW pages (URL: http://pdg.lbl.gov/)",
KEY= ""
}

@Article{physrev:gim,
     author    = "S. L. Glashow and J. Iliopoulos and L. Maiani",
     title     = "Weak Interactions with Lepton - Hadron Symmetry",
     journal   = "Phys. Rev.",
     volume    = "D2",
     year      = "1970",
     pages     = "1285",
     KEY       = "GIM",
     SLACcitation  = "%%CITATION = PHRVA,D2,1285;%%"
}

@article{progtp.km,
AUTHOR = "M. Kobayashi and T. Maskawa",
TITLE = "{C}{P} violation in the renormalizable theory of weak interaction",
INSTITUTION = "",
JOURNAL = "Progress in Theoretical Physics",
VOLUME = "49",
YEAR = "1973",
MONTH = "",
PAGES = "652-657",
NOTE = "",
KEY= "KM"
}


@article{cdfsin2beta,
AUTHOR = "T. Affolder and others",
INSTITUTION = "CDF Collaboration",
TITLE = "A Measurement of $\sin(2\beta)$ from \prt{B^0 \to J\!/\!\psi K^0_s}  with the {C}{D}{F} Detector",
JOURNAL = "Phys. Rev.",
VOLUME = "D61",
YEAR = "2000",
MONTH = "",
PAGES = "072005",
NOTE = "\mbox{[hep-ex/9909003]}",
KEY= ""
}


@article{bellesine2beta,
AUTHOR = "{H. Aihara, representing the Belle Collaboration}",
INSTITUTION = "BELLE",
TITLE = "A Measurement of {C}{P} Violation in \prt{B^0} Meson Decays with {B}elle",
JOURNAL = "Belle Note 343",
VOLUME = "",
YEAR = "2000",
MONTH = "",
PAGES = "",
NOTE = "To appear in the Proceedings of the XXX\te\ International Conference on High Energy Physics, July 27 - August 2, 2000 Osaka, Japan",
KEY= ""
}

@article{belle0201,
AUTHOR = "A. Abashian and others",
INSTITUTION = "The BELLE Collaboration",
TITLE = "Measurement of the {C}{P} Violation Parameter $\sin(2\phi_1)$ in \prt{B^0_d} Meson Decays",
JOURNAL = "KEK preprint 2000-142, Belle preprint 2001-1",
VOLUME = "",
YEAR = "2001",
MONTH = "January",
PAGES = "",
NOTE = "\mbox{[hep-ex/0011090]}, submitted to Phys. Rev. Lett",
KEY= "BELLE"
}

@article{babarsin2beta,
AUTHOR = "The {BABAR Collaboration}",
INSTITUTION = "",
TITLE = "A Study of Time-Dependent {C}{P}-Violating Asymmetrries in \prt{B^0 \to J\!/\!\psi K^0_s}  and \prt{B^0 \to \psi\!\left(2S\right) K^0_s} Decays",
JOURNAL = "SLAC-PUB-8540",
VOLUME = "",
YEAR = "2000",
MONTH = "October",
PAGES = "",
NOTE = "Submitted to the XXX\te\ International Conference on High Energy Physics, Osaka, Japan",
KEY= "BABAR"
}

@article{babar0201,
AUTHOR = "B. Aubert and others",
INSTITUTION = "The BABAR Collaboration",
TITLE = "Measurement of {C}{P}-violating asymmetries in \prt{B^0} decays to {C}{P} eigenstates",
JOURNAL = "SLAC-PUB-8777",
VOLUME = "",
YEAR = "2001",
MONTH = "January",
PAGES = "",
NOTE = "\mbox[hep-ex/0102030] Accepted for publication in Phys. Rev. Lett. (Feb 21, 2001)",
KEY= "BABAR"
}

@proceedings{babar,
AUTHOR = "",
EDITOR = "P.F. Harrison and H.R. Quinn",
ORGANIZATION = "\babar",
TITLE = "The \babar\ Physics Book",
JOURNAL = "",
NUMBER = "",
YEAR = "1998",
MONTH = "October",
PAGES = "",
NOTE = "SLAC-R-504",
KEY= ""
}


@proceedings{yellow.lhc,
AUTHOR = "",
EDITOR = "G. Altarelli, G. and M. L. Mangano",
ORGANISATION = "CERN",
TITLE = "1999 {C}{E}{R}{N} Workshop on {S}tandard {M}odel Physics (and more) at the {L}{H}{C}, {C}{E}{R}{N}, {G}eneva, {S}witzerland, 25 - 26 {M}ay 1999: Proceedings",
JOURNAL = "",
NUMBER = "",
YEAR = "2000",
MONTH = "",
PAGES = "",
NOTE = "\mbox{CERN 2000-004}",
KEY= "LHC"
}

@inproceedings{yellowbdecays,
AUTHOR = "P. Ball and others",
EDITOR = "G. Altarelli, G. and M. L. Mangano",
ORGANISATION = "CERN",
TITLE = "{B} Decays at the {L}{H}{C}",
BOOKTITLE = "1999 {C}{E}{R}{N} Workshop on {S}tandard {M}odel Physics (and more) at the {L}{H}{C}, {C}{E}{R}{N}, {G}eneva, {S}witzerland, 25 - 26 {M}ay 1999: Proceedings",
JOURNAL = "",
NUMBER = "",
YEAR = "2000",
MONTH = "",
PAGES = "",
NOTE = "\mbox{CERN 2000-004}",
KEY= "LHC"
}
%NOTE = "\mbox{CERN-2000-101}, \mbox{[hep-ph/0003238]}"
@inproceedings{yellowbproduction,
AUTHOR = "P. Nason and others",
EDITOR = "G. Altarelli, G. and M. L. Mangano",
ORGANISATION = "CERN",
TITLE = "Bottom Production",
BOOKTITLE = "1999 {C}{E}{R}{N} Workshop on {S}tandard {M}odel Physics (and more) at the {L}{H}{C}, {C}{E}{R}{N}, {G}eneva, {S}witzerland, 25 - 26 {M}ay 1999: Proceedings",
JOURNAL = "",
NUMBER = "",
YEAR = "2000",
MONTH = "",
PAGES = "",
NOTE = "\mbox{CERN-2000-004}",
KEY= "LHC"
}

@article{rhopi,
AUTHOR = "A. Snyder and H. R. Quinn",
INSTITUTION = "",
TITLE = "",
JOURNAL = "Phys. Rev.",
VOLUME = "D48",
YEAR = "1993",
MONTH = "",
PAGES = "2139",
NOTE = "",
KEY= ""
}

@article{bdduspin,
AUTHOR = "R. Fleischer",
INSTITUTION = "",
TITLE = "",
JOURNAL = "Eur. Phys. J",
VOLUME = "C10",
YEAR = "1999",
MONTH = "",
PAGES = "299",
NOTE = "",
KEY= ""
}
@article{bppuspin,
AUTHOR = "R. Fleischer",
INSTITUTION = "",
TITLE = "",
JOURNAL = "Phys. Lett.",
VOLUME = "B459",
YEAR = "1999",
MONTH = "",
PAGES = "306",
NOTE = "",
KEY= ""
}

@Article{penguins:rhopi,
     author    = "H. J. Lipkin and Y. Nir and H. R. Quinn and A.
                  Snyder",
     title     = "Penguin trapping with isospin analysis and {C}{P} asymmetries
                  in {B} decays",
     journal   = "Phys. Rev.",
     volume    = "D44",
     year      = "1991",
     pages     = "1454-1460",
     SLACcitation  = "%%CITATION = PHRVA,D44,1454;%%"
}


@Article{penguins:Fleischer,
     author    = "R. Fleischer",
     title     = "Constraining Penguin Contributions and the {C}{K}{M} Angle 
                  $\gamma$  through  \prt{B^0_d \to \pi^+ \pi^-}",
     journal   = "Eur. Phys. J.",
     volume    = "C16",
     year      = "2000",
     pages     = "87",
     eprint    = "hep-ph/0001253",
     SLACcitation  = "%%CITATION = EPHJA,C16,87;%%"
}

@Article{Jarlskog:triangle_area,
     author    = "C. Jarlskog",
     title     = "Commutator of the Quark Mass Matrices in the Standard
                  Electroweak Model and a Measure Of Maximal {C}{P} Violation",
     journal   = "Phys. Rev. Lett.",
     volume    = "55",
     year      = "1985",
     pages     = "1039",
     SLACcitation  = "%%CITATION = PRLTA,55,1039;%%"
}

@misc{magnet.on.phys1,
AUTHOR = "P. Colrain and R. Forty and R. Hierck and A. Jacholkowska and M. Merk and B. Schmidt and G. Wilkinson",
INSTITUTION = "LHCb",
TITLE = "Presentations during the {L}{H}{C}{b} week in {A}msterdam, 1999",
NOTE = "LHCb 99-052",
YEAR = "1999",
MONTH = "",
PAGES = "",
KEY= ""
}

@misc{lhcbweek:roger.tracking,
AUTHOR = "R. Forty and M. Needham",
INSTITUTION = "LHCb",
TITLE = "Presentation during the {L}{H}{C}{b} week {M}ay 2000",
JOURNAL = "",
YEAR = "2000",
MONTH = "May",
PAGES = "",
NOTE = "{\scriptsize \\http://lhcbw3.cern.ch/forthcomingevents/2000/html/MayWeek/Transparencies/needham.pdf}",
KEY= ""
}

@article{magnet.on.phys2,
AUTHOR = "R. Forty",
INSTITUTION = "LHCb",
TITLE = "Influence of the New Magnet Design on Tagging",
JOURNAL="",
NUMBER = "",
YEAR = "1999",
MONTH = "",
PAGES = "",
NOTE = "LHCb 99-010",
KEY= ""
}

@article{ieee:shashlik,
AUTHOR = "A. Bazilevsky and others",
INSTITUTION = "",
TITLE = "Performance of the {P}henix {E}{M} {C}alorimeter",
JOURNAL = "IEEE Trans. Nucl. Sci.",
VOLUME = "43",
NUMBER ="",
YEAR = "1996",
PAGES = "1491-1495",
NOTE = "",
KEY= ""
}

@article{nim:shashlik,
AUTHOR = "J. Badier and others",
INSTITUTION = "",
TITLE = "Shashlik Calorimeter: Beam Test Results",
JOURNAL = "Nucl. Instrum. Meth.",
VOLUME = "A348",
YEAR = "1994",
MONTH = "",
PAGES = "74-86",
NOTE = "",
KEY= ""
}

@article{physref:fano,
AUTHOR = "U. Fano",
INSTITUTION = "",
TITLE = "Ionization Yield of Rations. {I}{I}. {T}he Fluctuations of the Number of Ions.",
JOURNAL = "Phys. Rev.",
VOLUME = "72",
YEAR = "1947",
MONTH = "",
PAGES = "26-29",
NOTE = "",
KEY= ""
}

@article{sifanofac,
AUTHOR = "C. Alig and S. Bloom and C. W. Struck",
INSTITUTION = "",
TITLE = "Scattering by Ionization and Phonon Emission in Semiconductors",
JOURNAL = "Phys. Rev.",
VOLUME = "B22",
NUMBER = "12",
YEAR = "1980",
MONTH = "December",
PAGES = "5565-5582",
NOTE = "",
KEY= ""
}

@article{franktamm,
AUTHOR = "I. M. Frank and I. E. Tamm",
INSTITUTION = "",
TITLE = "",
JOURNAL = "Doklady AN SSSR",
VOLUME = "14",
YEAR = "1937",
MONTH = "",
PAGES = "107",
NOTE = "",
KEY= ""
}

@article{ginzburg,
AUTHOR = "V. L. Ginzburg",
INSTITUTION = "",
TITLE = "",
JOURNAL = "Zh. Eksp. Teor. Fiz",
VOLUME = "10",
YEAR = "1940",
MONTH = "",
PAGES = "589, 608",
NOTE = "",
KEY= ""
}

@misc{priv:val,
AUTHOR = "V. Gibson",
INSTITUTION = "",
TITLE = "Private Communications",
JOURNAL = "",
VOLUME = "",
YEAR = "2000",
MONTH = "",
PAGES = "",
NOTE = "",
KEY= ""
}

@misc{priv:paolo,
AUTHOR = "P. Bartalini",
INSTITUTION = "",
TITLE = "Private Communications",
JOURNAL = "",
VOLUME = "",
YEAR = "2001",
MONTH = "",
PAGES = "",
NOTE = "",
KEY= ""
}

@manual{sicb,
AUTHOR = "A. Tsaregorodtsev",
INSTITUTION = "",
TITLE = "{S}{I}{C}b User's Guide - {G}{E}{A}{N}{T}3-based Simulation Package for the {L}{H}{C}b Experiment",
JOURNAL = "",
VOLUME = "",
YEAR = "1997",
MONTH = "June",
PAGES = "",
NOTE = "Available on the www: 
{\footnotesize http://lhcb-comp.web.cern.ch/lhcb-comp/sicb/html/sicbug.html}",
KEY= ""
}

@article{lhcb:internal.realistic_pipe,
AUTHOR = "V. Talanov and G. von Holtey",
INSTITUTION = "LHCb",
TITLE = "Flux Evaluation for the First Realistic {L}{H}{C}b Vacuum Chamber",
JOURNAL = "",
NUMBER = "",
YEAR = "2000",
MONTH = "March",
PAGES = "",
NOTE = "LHCb 2000-014. Internal note with restricted access",
KEY= ""
}

@article{nim:tomscounters,
AUTHOR = "T. Ypsilantis and J. Seguinot",
INSTITUTION = "College de France, Paris, France",
TITLE = "Theory of Ring Imaging {C}herenkov Counters",
JOURNAL = "Nucl. Instrum. Meth.",
VOLUME = "A 343",
YEAR = "1993",
MONTH = "",
PAGES = "30-51",
NOTE = "",
KEY= ""
}

@misc{www:thierry,
AUTHOR = "T. Gys",
INSTITUTION = "",
TITLE = "The {L}{H}{C}{b}--{R}{I}{C}{H} Pixel Hybrid Photon Detectors  ",
JOURNAL = "",
VOLUME = "",
YEAR = "",
MONTH = "",
PAGES = "",
NOTE = "{\\\footnotesize http://tilde-gys.home.cern.ch/$\sim$gys/LHCb/PixelHPDs.htm} status: January 8, 2001",
KEY= ""
}


@misc{www:machine,
AUTHOR = "The {L}{H}{C} Study Group",
EDITOR = "P. Lef{\`e}bre and T. Pettersson",
INSTITUTION = "CERN",
TITLE = "The {L}arge {H}adron {C}ollider - Conceptual Design",
NOTE = "CERN/AC/90-05(LHC)",
VOLUME = "",
YEAR = "1995",
MONTH = "October",
PAGES = "",
KEY= "machine"
}


@article{cabibbo,
AUTHOR = "N. Cabibbo",
INSTITUTION = "CERN, Geneva, Switzerland",
TITLE = "Unitary Symmetry and Leptonic Decays",
JOURNAL = "Phys. Rev. Lett.",
VOLUME = "10",
NUMBER = "12",
YEAR = "1963",
MONTH = "June",
PAGES = "531-533",
NOTE = "",
KEY= ""
}

@article{cpdiscovery,
AUTHOR = "J.H. Christenson and J.W. Cronin and V.L. Fitch and R. Turlay",
INSTITUTION = "Princeton University",
TITLE = "Evidence for the 2 \prt{\pi} Decay of the \prt{K_2^0} Meson",
JOURNAL = "Phys. Rev. Lett.",
VOLUME = "13",
NUMBER = "",
YEAR = "1964",
MONTH = "",
PAGES = "138-140",
NOTE = "",
KEY= ""
}

@article{glashow.and.bjorken.suggest.charm,
AUTHOR = "J.D. Bjorken and S.L. Glashow",
INSTITUTION = "Bohr Institute",
TITLE = "Elementary Particles and {S}{U}(4).",
JOURNAL = "Physics Letters",
VOLUME = "11",
NUMBER = "",
YEAR = "1964",
MONTH = "",
PAGES = "255-257",
NOTE = "",
KEY= ""
}

@inproceedings{Salam:electroweak68,
     author    = "A. Salam",
     TITLE     = "Weak and Electromagnetic Interactions",
     INSTITUTION = "Imperial Coll., London \& ICTP, Trieste",
     EDITOR    = "N. Svartholm",
     BOOKTITLE = "Elementary Particle
                  Theory, Proceedings af The Nobel Symposium Held 1968 at
                  Lerum, Sweden",
     PUBLISHER = "Amkvist and Wiksell, Stockholm",
     volume    = "",
     YEAR      = "1968",
     pages     = "367",

     NOTE = "{\footnotesize Reprinted in *Lichtenberg, D. B. (ed.),
Rosen, S. P.  (ed.): Developments in the Quark Theory of Hadrons,
Vol. 1*, 160-170, and in *Lai, C. H. (ed.): Gauge Theory of Weak and
Electromagnetic Interactions*, 188-198, Also in *Rosner, J.L. (ed.):
New particles* 29-39, Also in *Ali, A. (ed.) et al.: Selected
papers*}."
}

@Article{Glashow:electroweak61,
     author    = "S. L. Glashow",
     title     = "PARTIAL SYMMETRIES OF WEAK INTERACTIONS",
     journal   = "Nucl. Phys.",
     volume    = "22",
     year      = "1961",
     pages     = "579-588",
     SLACcitation  = "%%CITATION = NUPHA,22,579;%%"
}

@article{tingsj,
AUTHOR = "J.J. Aubert and others",
INSTITUTION = "Brookhaven",
TITLE = "Experimental Observation of a Heavy Particle {J}",
JOURNAL = "Phys. Rev. Lett.",
VOLUME = "33",
NUMBER = "",
YEAR = "1974",
MONTH = "",
PAGES = "1404-1406",
NOTE = "",
KEY= ""
}

@article{slacspsi,
AUTHOR = "J.E. Augustin and others",
INSTITUTION = "",
TITLE = "Discovery of a Narrow Resonance in e+ e- Annihilation",
JOURNAL = "Phys. Rev. Lett.",
VOLUME = "33",
NUMBER = "",
YEAR = "1974",
MONTH = "November",
PAGES = "1406-1408",
NOTE = "Also in *Cahn, R.N., Goldhaber, G.: The experimental foundations of particle physics* 281-283",
KEY= ""
}

@Article{taudiscovery,
     author    = "M. L. Perl and others",
     title     = "Evidence for anomalous lepton production in e+ e-
                  annihilation",
     journal   = "Phys. Rev. Lett.",
     volume    = "35",
     year      = "1975",
     pages     = "1489-1492",
     SLACcitation  = "%%CITATION = PRLTA,35,1489;%%"
}

@article{beautydiscovery,
AUTHOR = "S.W. Herb and others",
INSTITUTION = "",
TITLE = "Observation of a Dimuon Resonance at 9.5-{G}e{V} in 400-{G}e{V} Proton - Nucleus Collisions",
JOURNAL = "Phys. Rev. Lett.",
VOLUME = "39",
NUMBER = "",
YEAR = "1977",
MONTH = "252-255",
PAGES = "",
NOTE = "",
KEY= ""
}

@article{topdiscovery,
     author    = "F. Abe and others",
 collaboration = "{C}{D}{F}",
     title     = "Kinematic Evidence for Top Quark Pair Production in W +
                  Multi - Jet Events in p Anti-p Collisions at $\sqrt{s} =
                  1.8-{T}e{V}$",
     journal   = "Phys. Rev.",
     volume    = "D51",
     year      = "1995",
     pages     = "4623-4637",
     note      = "First published in December 1994: FERMILAB-PUB-94-411-E, CDF-PUB-TOP-PUBLIC-2365, ANL-HEP-PR-95-41, Dec 1994. 45pp",
     eprint    = "hep-ex/9412009",
}

@misc{donut.nutau,
AUTHOR = "",
INSTITUTION = "The DONUT Collaboration",
TITLE = "{"}{P}hysicists Find First Direct Evidence for Tau Neutrino at {F}ermilab{"}",
HOWPUBLISHED = "Fermilab Press Release 00-12",
VOLUME = "",
NUMBER = "",
YEAR = "2000",
MONTH = "July",
PAGES = "",
NOTE = "Available on the www: 
{\footnotesize http://www.fnal.gov/directorate/public\_affairs/press\_releases/donut.html}",
KEY= "DONUT"
}

@article{thooft,
     author    = "G. 't Hooft and M. Veltman",
     INSTITUTION= "Utrecht University",
     title     = "Regularization and Renormalization of Gauge Fields",
     journal   = "Nucl. Phys.",
     volume    = "B44",
     year      = "1972",
     pages     = "189-213",
     SLACcitation  = "%%CITATION = NUPHA,B44,189;%%"
}

@book{martin.shaw:pp,
AUTHOR = "B. R. Martin and G. Shaw",
INSTITUTION = "",
TITLE  = "Particle Physics",
PUBLISHER = "Wiley",
VOLUME = "",
EDITION = "2",
YEAR = "1997",
NOTE = "ISBN 0-471-97285-1",
KEY = ""
}

@book{pe:qft,
AUTHOR = "M. E. Peskin and D. V. Schroeder",
INSTITUTION = "",
TITLE = "An Introduction to Quantum Field Theory",
PUBLISHER = "Addison-Wesley Publishing Company",
VOLUME = "",
EDITION = "4",
YEAR = "1997",
MONTH = "",
PAGES = "",
NOTE = "ISBN 0-201-50397-2",
KEY= ""
}

@book{bigi.sander:cpv,
AUTHOR = "I. I. Bigi and A. I. Sander",
INSTITUTION = "",
TITLE = "{C}{P} Violation",
PUBLISHER = "Cambridge University Press",
VOLUME = "",
EDITION = "",
SERIES = "Cambridge Monographs on Particle Physics, Nuclear Physics and Cosmology",
YEAR = "2000",
MONTH = "",
PAGES = "",
NOTE = "ISBN 0 521 44349 0",
KEY= ""
}

@book{bronstein,
AUTHOR = "I.N. Bronstein and K.A. Semendjajew",
INSTITUTION = "",
TITLE = "Taschenbuch der Mathematik",
PUBLISHER = "B. G. Teubner Verlagsgesellschaft Stuttgart $\cdot$ Leibzig and Verlag Nauka, Moskau",
VOLUME = "",
EDITION = "",
SERIES = "",
YEAR = "1991",
MONTH = "",
PAGES = "130-134",
NOTE = "ISBN 2-8154-2000-8",
KEY= ""
}

@book{unialgebra,
AUTHOR = "D. E. Littlewood",
INSTITUTION = "",
TITLE = "A University Algebra",
PUBLISHER = "Heinmann, London",
VOLUME = "",
EDITION = "",
SERIES = "",
YEAR = "1950",
MONTH = "",
PAGES = "188-193",
NOTE = "",
KEY= ""
}

@article{gsww,
AUTHOR = "S. Weinberg",
INSTITUTION = "MIT, LNS",
TITLE = "A Model of Leptons",
JOURNAL = "Phys. Rev. Lett.",
VOLUME = "19",
NUMBER = "",
YEAR = "1967",
MONTH = "",
PAGES = "1264-1266",
NOTE = "",
KEY= ""
}

@misc{priv:guy,
AUTHOR = "G. Wilkinson",
INSTITUTION = "",
TITLE = "Private Communications",
JOURNAL = "",
VOLUME = "",
NUMBER = "",
YEAR = "2000",
MONTH = "",
PAGES = "",
NOTE = "",
KEY= ""
}

@misc{jonas:tver,
AUTHOR = "J. {Rademacker on behalf of the LHCb Collaboration}",
INSTITUTION = "University of Oxford",
TITLE = "The LHCb RICH and Related Physics Subjects",
JOURNAL = "",
VOLUME = "",
NUMBER = "",
YEAR = "2000",
MONTH = "September",
PAGES = "",
NOTE = "Presentation at QFTHEP, Tver, Russia, September 13-20, 2000. Available on www: {\footnotesize http://lhcb-doc.web.cern.ch/lhcb-doc/presentations/conferencetalks/postscript/2000presentations/tverRademacker.pdf}",
KEY= ""
}

@article{sakharov,
AUTHOR = "A. D. Sakharov",
INSTITUTION = "",
TITLE = "Violation of {C}{P} Invariance, {C} Asymmetry, And Baryon Asymmetry Of The Universe",
JOURNAL = "Pisma Zh.Eksp.Teor.Fiz.",
VOLUME = "5",
NUMBER = "",
YEAR = "1967",
MONTH = "",
PAGES = "32-35",
NOTE = "{\footnotesize Also published in JETP Lett.5:24-27,1967, Sov.Phys.Usp.34:392-393,1991, Usp.Fiz.Nauk 161:61-64,1991 (No.5).
Reprinted in *Kolb, E.W. (ed.), Turner, M.S. (ed.): The early universe* 371-373, and in *Lindley, D. (ed.) et al.: Cosmology and particle physics* 106-109, and in Sov. Phys. Usp. 34 (1991) 392-393 [Usp. Fiz. Nauk 161
(1991) No. 5 61-64].}",
KEY= ""
}

@article{wolfenstein,
     author    = "L. Wolfenstein",
     title     = "Parametrization of the {K}obayashi-{M}askawa Matrix",
     journal   = "Phys. Rev. Lett.",
     volume    = "51",
     year      = "1983",
     pages     = "1945",
     SLACcitation  = "%%CITATION = PRLTA,51,1945;%%"
}

@article{huet:baryogenesis,
     author    = "P. Huet and E. Sather",
     title     = "Electroweak Baryogenesis and {S}tandard {M}odel {C}{P} Violation",
     journal   = "Phys. Rev.",
     volume    = "D51",
     year      = "1995",
     pages     = "379-394",
     eprint    = "hep-ph/9404302",
     SLACcitation  = "%%CITATION = PHRVA,D51,379;%%"
}


@Article{yanglee:parity56,
     author    = "T. D. Lee and C. N. Yang",
     title     = "Question of Parity Conservation in Weak Interactions",
     journal   = "Phys. Rev.",
     volume    = "104",
     year      = "1956",
     pages     = "254",
     SLACcitation  = "%%CITATION = PHRVA,104,254;%%"
}


@article{wu:paritytest57,
     author    = "C. S. Wu and E. Ambler and R. W. Hayward and D. D. Hoppes
                  and R. P. Hudson",
     title     = "Experimental Test of Parity Conservation in Beta Decay",
     journal   = "Phys. Rev.",
     volume    = "105",
     year      = "1957",
     pages     = "1413",
     SLACcitation  = "%%CITATION = PHRVA,105,1413;%%"
}


@article{cedar,
AUTHOR = "C. Bovet and R. Maleyran and L. Piemontese and A. Placci and M. Placidi",
INSTITUTION = "CERN",
TITLE = "The {C}{E}{D}{A}{R} Counters for Particle Indentificaton in the {S}{P}{S} Secondary Beams: A Description and an Operation Manual",
YEAR = "1982",
MONTH = "December",
PAGES = "",
NOTE = "\mbox{CERN 82-13}",
KEY= ""
}

@article{rogers_riches,
AUTHOR = "R. W. Forty",
INSTITUTION = "CERN",
TITLE = "Ring-Imaging {C}herenkov Counters for {L}{H}{C}--{B}",
JOURNAL="",
NUMBER = "",
VOLUME = "",
NUMBER = "",
YEAR = "1996",
MONTH = "",
PAGES = "",
NOTE= "LHC-B/96-5. Invited talk at BEAUTY 96, 4\te Int. Workshop on B-physics at Hadron Machines, Rome, 17-21 June 1996, to appear in Nucl. Instrum. Meth."
}

@manual{hamamatsu,
AUTHOR = "",
INSTITUTION = "Hamamatsu",
TITLE = "Hamamatsu Book on Photo Multipliers",
JOURNAL = "",
VOLUME = "",
NUMBER = "",
YEAR = "2000",
MONTH = "September",
PAGES = "",
NOTE = "",
KEY= "Hamamatsu"
}

@manual{minuit,
AUTHOR = "F. James",
INSTITUTION = "CERN",
TITLE = "MINUIT Function Minimization and Error Analysis. Reference Manual. Version 94.1",
JOURNAL = "",
VOLUME = "",
NUMBER = "",
YEAR = "1994",
MONTH = "March",
PAGES = "",
NOTE = "CERN Program Library Long Writeup D506",
KEY= ""
}

@techreport{guy.calotriggers.msel5,
AUTHOR = "S. Conetti and I. Korolko and G. Wilkinson",
INSTITUTION = "LHCb",
TITLE = "Performance of the {L}{H}{C}b Calorimeter Triggers",
JOURNAL ="",
NUMBER = "",
VOLUME = "",
YEAR = "1998",
MONTH = "October",
PAGES = "",
NOTE = "LHCb 98-14 TRIG",
KEY= ""
}

@Article{neutrinos:superk,
     author    = "Y. Fukuda and others",
 collaboration = "Super-Kamiokande",
     title     = "Evidence for oscillation of atmospheric neutrinos",
     journal   = "Phys. Rev. Lett.",
     volume    = "81",
     year      = "1998",
     pages     = "15",
     eprint    = "hep-ex/9807003",
     SLACcitation  = "%%CITATION = PRLTA,81,1562;%%"
}


@Article{neutrinos:superk_solar,
     author    = "S. Fukuda and others",
 collaboration = "Super-Kamiokande",
     title     = "Constraints on Neutrino Oscillations Using 1258 Days Of
                  {S}uper-{K}amiokande Solar Neutrino Data",
     year      = "2001",
     eprint    = "hep-ex/0103033",
     SLACcitation  = "%%CITATION = HEP-EX 0103033;%%"
}




@Article{higgs:lep2000,
     author    = "P. Bock and others",
 collaboration = "ALEPH, DELPHI, L3 and OPAL",
     title     = "Searches for {H}iggs Bosons: Preliminary Combined Results
                  Using {L}{E}{P} Data  Collected at Energies up to 202 {G}e{V}",
     MONTH     = "April",
     YEAR      = "2000",
     note     = "CERN-EP-2000-055"
}

@Article{Higgs:1964ia,
     author    = "P. W. Higgs",
     title     = "Broken symmetries, massless particles and gauge fields",
     journal   = "Phys. Lett.",
     volume    = "12",
     year      = "1964",
     pages     = "132-133",
     SLACcitation  = "%%CITATION = PHLTA,12,132;%%"
}


@Article{Higgs:1966ev,
     author    = "P. W. Higgs",
     title     = "SPONTANEOUS SYMMETRY BREAKDOWN WITHOUT MASSLESS BOSONS",
     journal   = "Phys. Rev.",
     volume    = "145",
     year      = "1966",
     pages     = "1156",
     SLACcitation  = "%%CITATION = PHRVA,145,1156;%%"
}

@Article{Higgs:1964pj,
     author    = "P. W. Higgs",
     title     = "BROKEN SYMMETRIES AND THE MASSES OF GAUGE BOSONS",
     journal   = "Phys. Rev. Lett.",
     volume    = "13",
     year      = "1964",
     pages     = "508",
     SLACcitation  = "%%CITATION = PRLTA,13,508;%%"
}

@article{lhcb:newvtx,
AUTHOR = "N. van Bakel and others",
INSTITUTION = "LHCb",
TITLE = "{V}{E}{L}{O} Geometry Optimisation",
JOURNAL="",
NUMBER = "",
VOLUME = "",
YEAR = "2000",
MONTH = "October",
PAGES = "",
NOTE = "LHCb 2000-90 VELO. Internal LHCb Note with restricted access.",
KEY= ""
}


@misc{deptube,
AUTHOR = "",
INSTITUTION = "DEP",
TITLE = "",
JOURNAL = "",
VOLUME = "",
NUMBER = "",
YEAR = "",
MONTH = "",
PAGES = "",
NOTE = "{http://www.dep.nl/prodline/p25.jpg}",
KEY= "DEP HPD picture"
}

@misc{cernlib:drteq4,
AUTHOR = "K. S. K{\"o}lbig",
INSTITUTION = "",
TITLE = "CERNLIB routine {C}208: Roots of a Quartic Equation",
JOURNAL = "",
VOLUME = "",
NUMBER = "",
YEAR = "1994",
MONTH = "",
PAGES = "",
NOTE = "User Entry Names: RRTEQ4, DRTEQ4. Library: MATHLIB. Number: C208. Documented at {http://wwwinfo.cern.ch/asdoc/shortwrupsdir/c208/top.html}",
KEY= ""
}

@article{lhcb:roger.reconstructs,
AUTHOR = "R. Forty and O. Schneider",
INSTITUTION = "LHCb",
TITLE = "{R}{I}{C}{H} Pattern Recognition",
VOLUME = "",
NUMBER = "",
YEAR = "1998",
MONTH = "April",
PAGES = "",
NOTE = "LHCB/98-040",
KEY= ""
}

@proceedings{hera:tdr,
AUTHOR = "",
ORGANISATION = "DESY",
TITLE = "{H}{E}{R}{A}-{B} An Experiment to Study {C}{P} Violation in the {B} System Using an Internal Target at the {H}{E}{R}{A} Proton Ring. Design Report",
JOURNAL = "",
VOLUME = "",
NUMBER = "",
YEAR = "1995",
MONTH = "January",
PAGES = "",
NOTE = "\mbox{DESY-PRC 95/01}",
KEY= ""
}

@misc{talk:burkhard,
AUTHOR = "B. Schmid",
INSTITUTION = "",
TITLE = "The {L}{H}{C}b Muon System",
JOURNAL = "",
VOLUME = "",
NUMBER = "",
YEAR = "2000",
MONTH = "June",
PAGES = "",
NOTE = "Talk at 2nd Int. Symp. `LHC Physics and Detectors' 
JINR Dubna 28-30 June 2000.
Available on the www: 
\mbox{\footnotesize 
http://lhcb-muon.web.cern.ch/lhcb-muon/html/Dubna\_Muon.pdf}",
KEY= ""
}

@article{lhcb:trigger0_latency,
AUTHOR = "J. Christiansen and H. Dijkstra and F. Harris and D. Lacarrere and B. Schmidt and I. Videau",
INSTITUTION = "LHCb",
TITLE = "The Latency of the Level 0 Trigger",
JOURNAL = "",
NUMBER = "",
YEAR = "1999",
MONTH = "June",
PAGES = "",
NOTE = "LHCB-99-015",
KEY= ""
}

@article{lhcb:guybrinsim,
AUTHOR = "M. Adinolfi and N. Brook and R. Forty and M. John and J. Libby and B. Simmons and G. Wilkinson",
INSTITUTION = "LHCb",
TITLE = "A Simulation Study of the {L}{H}{C}{b} {R}{I}{C}{H} Performance",
JOURNAL = "",
NUMBER = "",
YEAR = "2001",
MONTH = "",
PAGES = "",
NOTE = "LHCb 2000-066 RICH",
KEY= ""
}


@article{higgs:lep11.2000,
AUTHOR = "P. Igo--Kemenes",
INSTITUTION = "ALEPH, DELPHI, L3, OPAL and the LEP Higgs Working Group",
TITLE = "Status of {H}iggs Boson Searches",
JOURNAL = "",
VOLUME = "",
NUMBER = "",
YEAR = "2000",
MONTH = "November",
PAGES = "",
NOTE = "Talk given at the LEP Seminar in November 3, 2000",
KEY= "Available on the www: \mbox{http://lephiggs.web.cern.ch/LEPHIGGS/talks/pik_lepc_nov3_2000.ps}"
}

@article{template,
AUTHOR = "a",
INSTITUTION = "",
TITLE = "b",
JOURNAL = "c",
VOLUME = "",
NUMBER = "",
YEAR = "",
MONTH = "",
PAGES = "",
NOTE = "",
KEY= ""
}

@Article{Kipnis:1997qr, 
author = "I. Kipnis and others", 
title = "A time-over-threshold machine: The readout integrated circuit for the BaBar silicon vertex tracker", 
journal = "IEEE Trans. Nucl. Sci.", 
volume = "44", 
year = "1997", 
pages = "289", 
SLACcitation = "%%CITATION = IETNA,44,289;%%" }


